<collection xmlns="http://www.loc.gov/MARC21/slim">
<record>
  <leader>01642nam0a22003371i 450 </leader>
  <controlfield tag="001">IT\ICCU\CNCE\034798</controlfield>
  <controlfield tag="005">20060429000000.0</controlfield>
  <datafield tag="012" ind1=" " ind2=" ">
    <subfield code="a">sino nei, SiMi tade (3) 1558 (R)</subfield>
    <subfield code="2">fei</subfield>
  </datafield>
  <datafield tag="100" ind1=" " ind2=" ">
    <subfield code="a">19980107d1558        0itac0103    ba</subfield>
  </datafield>
  <datafield tag="101" ind1=" " ind2=" ">
    <subfield code="a">ITA</subfield>
  </datafield>
  <datafield tag="102" ind1=" " ind2=" ">
    <subfield code="a">IT</subfield>
  </datafield>
  <datafield tag="200" ind1="1" ind2=" ">
    <subfield code="a">Dialoghi di amore composti per Leone medico hebreo</subfield>
  </datafield>
  <datafield tag="210" ind1=" " ind2=" ">
    <subfield code="a">In Vinegia</subfield>
    <subfield code="d">1558</subfield>
    <subfield code="e">In Venetia</subfield>
    <subfield code="g">per Isepo Guglielmo Vicentino</subfield>
    <subfield code="g">alle spese per ̣del nobil&apos;huomo m. Federico Torresano d&apos;Asola</subfield>
    <subfield code="h">nell&apos;anno della salutifera redentione humana 1558</subfield>
  </datafield>
  <datafield tag="215" ind1=" " ind2=" ">
    <subfield code="a">228 c.</subfield>
    <subfield code="d">8ʻ</subfield>
  </datafield>
  <datafield tag="620" ind1=" " ind2=" ">
    <subfield code="a">IT</subfield>
    <subfield code="d">Venezia</subfield>
  </datafield>
  <datafield tag="700" ind1=" " ind2="0">
    <subfield code="a">Leone</subfield>
    <subfield code="c"> : Ebreo</subfield>
    <subfield code="3">IT\ICCU\CNCA\006802</subfield>
  </datafield>
  <datafield tag="712" ind1="0" ind2="0">
    <subfield code="a">Guglielmo, Giuseppe</subfield>
    <subfield code="3">IT\ICCU\CNCT\000754</subfield>
    <subfield code="4">650</subfield>
  </datafield>
  <datafield tag="712" ind1="0" ind2="0">
    <subfield code="a">Torresano, Federico</subfield>
    <subfield code="3">IT\ICCU\CNCT\000193</subfield>
    <subfield code="4">650</subfield>
  </datafield>
  <datafield tag="790" ind1=" " ind2="1">
    <subfield code="a">Abrabanel,</subfield>
    <subfield code="b">Juda ben Isaac</subfield>
    <subfield code="3">IT\ICCU\CNCA\007525</subfield>
    <subfield code="z">Leone : Ebreo</subfield>
  </datafield>
  <datafield tag="790" ind1=" " ind2="1">
    <subfield code="a">Abravanel,</subfield>
    <subfield code="b">Jehudah ben Ishaq</subfield>
    <subfield code="3">IT\ICCU\CNCA\012308</subfield>
    <subfield code="z">Leone : Ebreo</subfield>
  </datafield>
  <datafield tag="790" ind1=" " ind2="1">
    <subfield code="a">Abravanel,</subfield>
    <subfield code="b">Judah</subfield>
    <subfield code="3">IT\ICCU\CNCA\020544</subfield>
    <subfield code="z">Leone : Ebreo</subfield>
  </datafield>
  <datafield tag="790" ind1=" " ind2="1">
    <subfield code="a">Abarbanel,</subfield>
    <subfield code="b"></subfield>
    <subfield code="3">IT\ICCU\CNCA\020545</subfield>
    <subfield code="z">Leone : Ebreo</subfield>
  </datafield>
  <datafield tag="790" ind1=" " ind2="0">
    <subfield code="a">Leo</subfield>
    <subfield code="c"> : Hebraeus</subfield>
    <subfield code="3">IT\ICCU\CNCA\021291</subfield>
    <subfield code="z">Leone : Ebreo</subfield>
  </datafield>
  <datafield tag="791" ind1="0" ind2="0">
    <subfield code="a">Guilielmo, Giuseppe</subfield>
    <subfield code="3">IT\ICCU\CNCT\003907</subfield>
    <subfield code="z">Guglielmo, Giuseppe</subfield>
  </datafield>
  <datafield tag="791" ind1="0" ind2="0">
    <subfield code="a">Guilielmus, Giosephus</subfield>
    <subfield code="3">IT\ICCU\CNCT\005087</subfield>
    <subfield code="z">Guglielmo, Giuseppe</subfield>
  </datafield>
  <datafield tag="791" ind1="0" ind2="0">
    <subfield code="a">Turrisanus, Federicus</subfield>
    <subfield code="3">IT\ICCU\CNCT\004128</subfield>
    <subfield code="z">Torresano, Federico</subfield>
  </datafield>
  <datafield tag="791" ind1="0" ind2="0">
    <subfield code="a">Turrisanis, Federicus de</subfield>
    <subfield code="3">IT\ICCU\CNCT\005589</subfield>
    <subfield code="z">Torresano, Federico</subfield>
  </datafield>
  <datafield tag="791" ind1="0" ind2="0">
    <subfield code="a">Toresano, Federico</subfield>
    <subfield code="3">IT\ICCU\CNCT\005590</subfield>
    <subfield code="z">Torresano, Federico</subfield>
  </datafield>
  <datafield tag="801" ind1=" " ind2="3">
    <subfield code="a">IT</subfield>
    <subfield code="b">ICCU</subfield>
    <subfield code="c">20201114</subfield>
  </datafield>
  <datafield tag="899" ind1=" " ind2=" ">
    <subfield code="a">Biblioteca Durazzo. Genova</subfield>
    <subfield code="1">GE0047</subfield>
    <subfield code="2">ZGE 24</subfield>
  </datafield>
  <datafield tag="899" ind1=" " ind2=" ">
    <subfield code="a">Biblioteca Palatina. Parma</subfield>
    <subfield code="1">PR0072</subfield>
    <subfield code="2">PAR PA</subfield>
  </datafield>
</record>
</collection>
